------------------------------------------------------------------------

@ARTICLE{Article,
        AUTHOR =        {},
        TITLE =         {},
        JOURNAL =       {},
        Volume =        {},
        Number =        {},
        Pages =         {},
        Month =         {},
        YEAR =          {},
        Note =          {},
        summary =       {}
        }
@BOOK{Book,
        AUTHOR =        {},
        editor =        {},
        TITLE =         {},
        PUBLISHER =     {},
        YEAR =          {},
        Volume =        {},
        number =        {},
        Series =        {},
        Address =       {},
        Edition =       {},
        Month =         {},
        Note =          {},
        summary =       {}
        }
@BOOKLET{Booklet,
        TITLE =         {},
        Author =        {},
        Howpublished =  {},
        Address =       {},
        Month =         {},
        Year =          {},
        Note =          {},
        summary =       {}
        }
@INBOOK{Inbook,
        AUTHOR =        {},
        editor =        {},
        TITLE =         {},
        CHAPTER =       {},
        pages =         {},
        PUBLISHER =     {},
        YEAR =          {},
        Volume =        {},
        number =        {},
        Series =        {},
        Type =          {},
        Address =       {},
        Edition =       {},
        Month =         {},
        Note =          {},
        summary =       {}
        }
@INCOLLECTION{Incollection,
        AUTHOR =        {},
        TITLE =         {},
        BOOKTITLE =     {},
        PUBLISHER =     {},
        YEAR =          {},
        Editor =        {},
        Volume =        {},
        number =        {},
        Series =        {},
        Type =          {},
        Chapter =       {},
        Pages =         {},
        Address =       {},
        Edition =       {},
        Month =         {},
        Note =          {},
        summary =       {}
        }
@INPROCEEDINGS{Inproceedings,
        AUTHOR =        {},
        TITLE =         {},
        BOOKTITLE =     {},
        YEAR =          {},
        Editor =        {},
        Volume =        {},
        number =        {},
        Series =        {},
        Pages =         {},
        Address =       {},
        Month =         {},
        Organization =  {},
        Publisher =     {},
        Note =          {},
        summary =       {}
        }
@MANUAL{Manual,
        TITLE =         {},
        Author =        {},
        Organization =  {},
        Address =       {},
        Edition =       {},
        Month =         {},
        Year =          {},
        Note =          {},
        summary =       {}
        }
@MASTERSTHESIS{Mastersthesis,
        AUTHOR =        {},
        TITLE =         {},
        SCHOOL =        {},
        YEAR =          {},
        Type =          {},
        Address =       {},
        Month =         {},
        Note =          {},
        summary =       {}
        }
@MISC{Misc,
        Author =        {},
        Title =         {},
        Howpublished =  {},
        Month =         {},
        Year =          {},
        Note =          {},
        summary =       {}
        }
@PHDTHESIS{Phdthesis,
        AUTHOR =        {},
        TITLE =         {},
        SCHOOL =        {},
        YEAR =          {},
        Type =          {},
        Address =       {},
        Month =         {},
        Note =          {},
        summary =       {}
        }
@PROCEEDINGS{Proceedings,
        TITLE =         {},
        YEAR =          {},
        Editor =        {},
        Volume =        {},
        number =        {},
        Series =        {},
        Address =       {},
        Month =         {},
        Organization =  {},
        Publisher =     {},
        Note =          {},
        summary =       {}
        }
@TECHREPORT{Techreport,
        AUTHOR =        {},
        TITLE =         {},
        INSTITUTION =   {},
        YEAR =          {},
        Type =          {},
        Number =        {},
        Address =       {},
        Month =         {},
        Note =          {},
        summary =       {}
        }
@UNPUBLISHED{Unpublished,
        AUTHOR =        {},
        TITLE =         {},
        NOTE =          {},
        Month =         {},
        Year =          {},
        summary =       {}
        }

------------------------------------------------------------------------

@article{Hopcroft,
author = {Hopcroft, John and Tarjan, Robert},
title = {Algorithm 447: Efficient Algorithms for Graph Manipulation},
journal = {Commun. ACM},
issue_date = {June 1973},
volume = {16},
number = {6},
month = jun,
year = {1973},
issn = {0001-0782},
pages = {372--378},
numpages = {7},
url = {http://doi.acm.org/10.1145/362248.362272},
doi = {10.1145/362248.362272},
acmid = {362272},
publisher = {ACM},
address = {New York, NY, USA},
keywords = {analysis of algorithms, graph manipulation, graphs},
}

@article{PCompArticle,
title = "An optimal parallel connectivity algorithm",
journal = "Discrete Applied Mathematics",
volume = "9",
number = "2",
pages = "197 - 207",
year = "1984",
issn = "0166-218X",
doi = "https://doi.org/10.1016/0166-218X(84)90019-2",
url = "http://www.sciencedirect.com/science/article/pii/0166218X84900192",
author = "Uzi Vishkin",
abstract = "A synchronized parallel algorithm of depth O(n2/p) for p (â‰¤n2/log2n) processors is given for the problem of computing connected components of an undirected graph. The speed-up of this algorithm is optimal in the sense that the depth of the algorithm is of the order of the running time of the fastest known sequential algorithm over the number of processors used."
}

@MISC{PCompClass,
Author =        {Pavel Tvrdik},
Title =         {Topics in Parallel Computing},
Howpublished =  {Lecture},
Month =         {May},
Year =          {1999}
}

@article{RandomGraph,
added-at = {2010-05-05T00:38:27.000+0200},
author = {Erd\"{o}s, P. and R\'{e}nyi, A.},
biburl = {https://www.bibsonomy.org/bibtex/25aab47a7be9ec47644735f8e0a4607b6/alex},
interhash = {99061fc859ba540d4485abfbce44f298},
intrahash = {5aab47a7be9ec47644735f8e0a4607b6},
journal = {Publicationes Mathematicae Debrecen},
keywords = {graph sna},
pages = 290,
timestamp = {2010-05-05T00:38:27.000+0200},
title = {On Random Graphs I},
volume = 6,
year = 1959
}

@MISC{Boost,
author = {Oliver Kowalke},
title = {Boost fibers library},
year = 2013,
url = {https://www.boost.org/doc/libs/1_68_0/libs/fiber/doc/html/index.html},
urldate = {10-01-2019}
}

@MISC{Euler,
title = {Euler Cluster},
url = {https://scicomp.ethz.ch/wiki/Euler},
urldate = {12-01-2019}
}
